%YAML 1.1
%TAG !u! tag:unity3d.com,2011:
--- !u!1 &7353209932299106148
GameObject:
  m_ObjectHideFlags: 0
  m_CorrespondingSourceObject: {fileID: 0}
  m_PrefabInstance: {fileID: 0}
  m_PrefabAsset: {fileID: 0}
  serializedVersion: 6
  m_Component:
  - component: {fileID: 1445887752066359304}
  - component: {fileID: 5726379154166171100}
  - component: {fileID: 6295310312907068707}
  m_Layer: 0
  m_Name: Sphere
  m_TagString: Untagged
  m_Icon: {fileID: 0}
  m_NavMeshLayer: 0
  m_StaticEditorFlags: 0
  m_IsActive: 1
--- !u!4 &1445887752066359304
Transform:
  m_ObjectHideFlags: 0
  m_CorrespondingSourceObject: {fileID: 0}
  m_PrefabInstance: {fileID: 0}
  m_PrefabAsset: {fileID: 0}
  m_GameObject: {fileID: 7353209932299106148}
  m_LocalRotation: {x: -0, y: -0, z: -0, w: 1}
  m_LocalPosition: {x: 0, y: 0.40999973, z: 0}
  m_LocalScale: {x: 0.50000006, y: 0.49999988, z: 0.5}
  m_Children: []
  m_Father: {fileID: 7051477213534553566}
  m_RootOrder: 0
  m_LocalEulerAnglesHint: {x: 0, y: 0, z: 0}
--- !u!33 &5726379154166171100
MeshFilter:
  m_ObjectHideFlags: 0
  m_CorrespondingSourceObject: {fileID: 0}
  m_PrefabInstance: {fileID: 0}
  m_PrefabAsset: {fileID: 0}
  m_GameObject: {fileID: 7353209932299106148}
  m_Mesh: {fileID: 10207, guid: 0000000000000000e000000000000000, type: 0}
--- !u!23 &6295310312907068707
MeshRenderer:
  m_ObjectHideFlags: 0
  m_CorrespondingSourceObject: {fileID: 0}
  m_PrefabInstance: {fileID: 0}
  m_PrefabAsset: {fileID: 0}
  m_GameObject: {fileID: 7353209932299106148}
  m_Enabled: 1
  m_CastShadows: 1
  m_ReceiveShadows: 1
  m_DynamicOccludee: 1
  m_MotionVectors: 1
  m_LightProbeUsage: 1
  m_ReflectionProbeUsage: 1
  m_RayTracingMode: 2
  m_RayTraceProcedural: 0
  m_RenderingLayerMask: 1
  m_RendererPriority: 0
  m_Materials:
  - {fileID: 10303, guid: 0000000000000000f000000000000000, type: 0}
  m_StaticBatchInfo:
    firstSubMesh: 0
    subMeshCount: 0
  m_StaticBatchRoot: {fileID: 0}
  m_ProbeAnchor: {fileID: 0}
  m_LightProbeVolumeOverride: {fileID: 0}
  m_ScaleInLightmap: 1
  m_ReceiveGI: 1
  m_PreserveUVs: 0
  m_IgnoreNormalsForChartDetection: 0
  m_ImportantGI: 0
  m_StitchLightmapSeams: 1
  m_SelectedEditorRenderState: 3
  m_MinimumChartSize: 4
  m_AutoUVMaxDistance: 0.5
  m_AutoUVMaxAngle: 89
  m_LightmapParameters: {fileID: 0}
  m_SortingLayerID: 0
  m_SortingLayer: 0
  m_SortingOrder: 0
  m_AdditionalVertexStreams: {fileID: 0}
--- !u!1 &8520898672507531801
GameObject:
  m_ObjectHideFlags: 0
  m_CorrespondingSourceObject: {fileID: 0}
  m_PrefabInstance: {fileID: 0}
  m_PrefabAsset: {fileID: 0}
  serializedVersion: 6
  m_Component:
  - component: {fileID: 5804381944991611816}
  - component: {fileID: 3990033307223946927}
  m_Layer: 0
  m_Name: Point Light
  m_TagString: Untagged
  m_Icon: {fileID: 0}
  m_NavMeshLayer: 0
  m_StaticEditorFlags: 0
  m_IsActive: 0
--- !u!4 &5804381944991611816
Transform:
  m_ObjectHideFlags: 0
  m_CorrespondingSourceObject: {fileID: 0}
  m_PrefabInstance: {fileID: 0}
  m_PrefabAsset: {fileID: 0}
  m_GameObject: {fileID: 8520898672507531801}
  m_LocalRotation: {x: -0, y: -0, z: -0, w: 1}
  m_LocalPosition: {x: 0, y: 3, z: 0}
  m_LocalScale: {x: 1, y: 1, z: 1}
  m_Children: []
  m_Father: {fileID: 7051477212828500069}
  m_RootOrder: 1
  m_LocalEulerAnglesHint: {x: 0, y: 0, z: 0}
--- !u!108 &3990033307223946927
Light:
  m_ObjectHideFlags: 0
  m_CorrespondingSourceObject: {fileID: 0}
  m_PrefabInstance: {fileID: 0}
  m_PrefabAsset: {fileID: 0}
  m_GameObject: {fileID: 8520898672507531801}
  m_Enabled: 1
  serializedVersion: 10
  m_Type: 2
  m_Shape: 0
  m_Color: {r: 1, g: 0.032075405, b: 0.3647995, a: 1}
  m_Intensity: 6.9
  m_Range: 2
  m_SpotAngle: 30
  m_InnerSpotAngle: 21.80208
  m_CookieSize: 10
  m_Shadows:
    m_Type: 0
    m_Resolution: -1
    m_CustomResolution: -1
    m_Strength: 1
    m_Bias: 0.04
    m_NormalBias: 0
    m_NearPlane: 1.58
    m_CullingMatrixOverride:
      e00: 1
      e01: 0
      e02: 0
      e03: 0
      e10: 0
      e11: 1
      e12: 0
      e13: 0
      e20: 0
      e21: 0
      e22: 1
      e23: 0
      e30: 0
      e31: 0
      e32: 0
      e33: 1
    m_UseCullingMatrixOverride: 0
  m_Cookie: {fileID: 0}
  m_DrawHalo: 0
  m_Flare: {fileID: 0}
  m_RenderMode: 0
  m_CullingMask:
    serializedVersion: 2
    m_Bits: 4294967295
  m_RenderingLayerMask: 1
  m_Lightmapping: 4
  m_LightShadowCasterMode: 0
  m_AreaSize: {x: 1, y: 1}
  m_BounceIntensity: 1
  m_ColorTemperature: 6570
  m_UseColorTemperature: 0
  m_BoundingSphereOverride: {x: 0, y: 0, z: 0, w: 0}
  m_UseBoundingSphereOverride: 0
  m_UseViewFrustumForShadowCasterCull: 1
  m_ShadowRadius: 0
  m_ShadowAngle: 0
--- !u!1001 &6829691943848460181
PrefabInstance:
  m_ObjectHideFlags: 0
  serializedVersion: 2
  m_Modification:
    m_TransformParent: {fileID: 0}
    m_Modifications:
    - target: {fileID: -4294271529165208608, guid: 2197d4393d315eb428b1889c11cfacde, type: 3}
      propertyPath: _light
      value: 
      objectReference: {fileID: 8520898672507531801}
    - target: {fileID: -4294271529165208608, guid: 2197d4393d315eb428b1889c11cfacde, type: 3}
      propertyPath: _soundPath
      value: event:/SFX/Plunge
      objectReference: {fileID: 0}
    - target: {fileID: -4294271529165208608, guid: 2197d4393d315eb428b1889c11cfacde, type: 3}
      propertyPath: _multiplier
      value: 1.5
      objectReference: {fileID: 0}
    - target: {fileID: -4294271529165208608, guid: 2197d4393d315eb428b1889c11cfacde, type: 3}
      propertyPath: _explosionForce
      value: 8
      objectReference: {fileID: 0}
    - target: {fileID: -4294271529165208608, guid: 2197d4393d315eb428b1889c11cfacde, type: 3}
      propertyPath: _ballMask.m_Bits
      value: 128
      objectReference: {fileID: 0}
    - target: {fileID: 2947331936757498867, guid: 2197d4393d315eb428b1889c11cfacde, type: 3}
      propertyPath: m_Materials.Array.data[0]
      value: 
      objectReference: {fileID: 2100000, guid: 5735dab3412c5654598d0c928b94b8df, type: 2}
    - target: {fileID: 4547529004148113391, guid: 2197d4393d315eb428b1889c11cfacde, type: 3}
      propertyPath: m_Name
      value: RedBumper Variant
      objectReference: {fileID: 0}
    - target: {fileID: 4547529004148113392, guid: 2197d4393d315eb428b1889c11cfacde, type: 3}
      propertyPath: m_RootOrder
      value: 0
      objectReference: {fileID: 0}
    - target: {fileID: 4547529004148113392, guid: 2197d4393d315eb428b1889c11cfacde, type: 3}
      propertyPath: m_LocalScale.x
      value: 1.5
      objectReference: {fileID: 0}
    - target: {fileID: 4547529004148113392, guid: 2197d4393d315eb428b1889c11cfacde, type: 3}
      propertyPath: m_LocalScale.y
      value: 0.5
      objectReference: {fileID: 0}
    - target: {fileID: 4547529004148113392, guid: 2197d4393d315eb428b1889c11cfacde, type: 3}
      propertyPath: m_LocalScale.z
      value: 1.5
      objectReference: {fileID: 0}
    - target: {fileID: 4547529004148113392, guid: 2197d4393d315eb428b1889c11cfacde, type: 3}
      propertyPath: m_LocalPosition.x
      value: -3.87
      objectReference: {fileID: 0}
    - target: {fileID: 4547529004148113392, guid: 2197d4393d315eb428b1889c11cfacde, type: 3}
      propertyPath: m_LocalPosition.y
      value: 0.083
      objectReference: {fileID: 0}
    - target: {fileID: 4547529004148113392, guid: 2197d4393d315eb428b1889c11cfacde, type: 3}
      propertyPath: m_LocalPosition.z
      value: 2.14
      objectReference: {fileID: 0}
    - target: {fileID: 4547529004148113392, guid: 2197d4393d315eb428b1889c11cfacde, type: 3}
      propertyPath: m_LocalRotation.w
      value: 1
      objectReference: {fileID: 0}
    - target: {fileID: 4547529004148113392, guid: 2197d4393d315eb428b1889c11cfacde, type: 3}
      propertyPath: m_LocalRotation.x
      value: -0
      objectReference: {fileID: 0}
    - target: {fileID: 4547529004148113392, guid: 2197d4393d315eb428b1889c11cfacde, type: 3}
      propertyPath: m_LocalRotation.y
      value: -0
      objectReference: {fileID: 0}
    - target: {fileID: 4547529004148113392, guid: 2197d4393d315eb428b1889c11cfacde, type: 3}
      propertyPath: m_LocalRotation.z
      value: -0
      objectReference: {fileID: 0}
    - target: {fileID: 4547529004148113392, guid: 2197d4393d315eb428b1889c11cfacde, type: 3}
      propertyPath: m_LocalEulerAnglesHint.x
      value: 0
      objectReference: {fileID: 0}
    - target: {fileID: 4547529004148113392, guid: 2197d4393d315eb428b1889c11cfacde, type: 3}
      propertyPath: m_LocalEulerAnglesHint.y
      value: 0
      objectReference: {fileID: 0}
    - target: {fileID: 4547529004148113392, guid: 2197d4393d315eb428b1889c11cfacde, type: 3}
      propertyPath: m_LocalEulerAnglesHint.z
      value: 0
      objectReference: {fileID: 0}
    - target: {fileID: 4547529004148113393, guid: 2197d4393d315eb428b1889c11cfacde, type: 3}
      propertyPath: m_IsKinematic
      value: 1
      objectReference: {fileID: 0}
    - target: {fileID: 4547529005591575114, guid: 2197d4393d315eb428b1889c11cfacde, type: 3}
      propertyPath: m_Materials.Array.data[0]
      value: 
      objectReference: {fileID: 2100000, guid: aaf5f659bee6ed74b96787350257c456, type: 2}
    m_RemovedComponents: []
  m_SourcePrefab: {fileID: 100100000, guid: 2197d4393d315eb428b1889c11cfacde, type: 3}
--- !u!4 &7051477212828500069 stripped
Transform:
  m_CorrespondingSourceObject: {fileID: 4547529004148113392, guid: 2197d4393d315eb428b1889c11cfacde, type: 3}
  m_PrefabInstance: {fileID: 6829691943848460181}
  m_PrefabAsset: {fileID: 0}
--- !u!4 &7051477213534553566 stripped
Transform:
  m_CorrespondingSourceObject: {fileID: 4547529005591575115, guid: 2197d4393d315eb428b1889c11cfacde, type: 3}
  m_PrefabInstance: {fileID: 6829691943848460181}
  m_PrefabAsset: {fileID: 0}
